<record><leader>00000cas a22000007a 4500</leader><controlfield tag="001">11840030</controlfield><controlfield tag="008">850323d18921893cauwr ne      0    0eng d</controlfield><datafield ind1=" " ind2=" " tag="010"><subfield code="a">sn 85040457 </subfield></datafield><datafield ind1=" " ind2=" " tag="040"><subfield code="a">NPV</subfield><subfield code="b">eng</subfield><subfield code="c">NPV</subfield><subfield code="d">CNK</subfield><subfield code="d">OCLCQ</subfield></datafield><datafield ind1=" " ind2=" " tag="042"><subfield code="a">msc</subfield></datafield><datafield ind1="0" ind2="0" tag="245"><subfield code="a">California farmer, miner and oil reporter.</subfield></datafield><datafield ind1=" " ind2=" " tag="260"><subfield code="a">Los Angeles [Calif.] :</subfield><subfield code="b">Alliance Pub.,</subfield><subfield code="c">1892-1893.</subfield></datafield><datafield ind1=" " ind2=" " tag="300"><subfield code="a">3 v. :</subfield><subfield code="b">ill.</subfield></datafield><datafield ind1=" " ind2=" " tag="310"><subfield code="a">Weekly</subfield></datafield><datafield ind1="0" ind2=" " tag="362"><subfield code="a">Vol. 2, no. 13 (Jan. 9, 1892)-v. 4, no. 22 (Mar. 11, 1893).</subfield></datafield><datafield ind1=" " ind2=" " tag="500"><subfield code="a">Publisher varies.</subfield></datafield><datafield ind1=" " ind2=" " tag="500"><subfield code="a">Editor: G.W. Burton, Jan. 9-Aug. 6, 1892.--E.L. Clark, Feb. 4-Mar. 11, 1893.</subfield></datafield><datafield ind1=" " ind2=" " tag="752"><subfield code="a">United States</subfield><subfield code="b">California</subfield><subfield code="c">Los Angeles</subfield><subfield code="d">Los Angeles.</subfield></datafield><datafield ind1="0" ind2="0" tag="780"><subfield code="t">California farmer (Los Angeles, Calif. : 1892)</subfield><subfield code="w">(DLC)sn 85040456</subfield></datafield><datafield ind1="0" ind2="0" tag="785"><subfield code="t">California farmer (Los Angeles, Calif. : 1893)</subfield><subfield code="w">(DLC)sn 85040458</subfield></datafield></record>